<!DOCTYPE html>
<meta charset="utf-8" />
<!-- version 1 -->
<title>[Gen 8] VGC 2021 replay: Zordor vs. RollAcosta</title>
<style>
html,body {font-family:Verdana, sans-serif;font-size:10pt;margin:0;padding:0;}body{padding:12px 0;} .battle-log {font-family:Verdana, sans-serif;font-size:10pt;} .battle-log-inline {border:1px solid #AAAAAA;background:#EEF2F5;color:black;margin:0 auto 80px;padding-bottom:5px;} .battle-log .inner {padding:4px 8px 0px 8px;} .battle-log .inner-preempt {padding:0 8px 4px 8px;} .battle-log .inner-after {margin-top:0.5em;} .battle-log h2 {margin:0.5em -8px;padding:4px 8px;border:1px solid #AAAAAA;background:#E0E7EA;border-left:0;border-right:0;font-family:Verdana, sans-serif;font-size:13pt;} .battle-log .chat {vertical-align:middle;padding:3px 0 3px 0;font-size:8pt;} .battle-log .chat strong {color:#40576A;} .battle-log .chat em {padding:1px 4px 1px 3px;color:#000000;font-style:normal;} .chat.mine {background:rgba(0,0,0,0.05);margin-left:-8px;margin-right:-8px;padding-left:8px;padding-right:8px;} .spoiler {color:#BBBBBB;background:#BBBBBB;padding:0px 3px;} .spoiler:hover, .spoiler:active, .spoiler-shown {color:#000000;background:#E2E2E2;padding:0px 3px;} .spoiler a {color:#BBBBBB;} .spoiler:hover a, .spoiler:active a, .spoiler-shown a {color:#2288CC;} .chat code, .chat .spoiler:hover code, .chat .spoiler:active code, .chat .spoiler-shown code {border:1px solid #C0C0C0;background:#EEEEEE;color:black;padding:0 2px;} .chat .spoiler code {border:1px solid #CCCCCC;background:#CCCCCC;color:#CCCCCC;} .battle-log .rated {padding:3px 4px;} .battle-log .rated strong {color:white;background:#89A;padding:1px 4px;border-radius:4px;} .spacer {margin-top:0.5em;} .message-announce {background:#6688AA;color:white;padding:1px 4px 2px;} .message-announce a, .broadcast-green a, .broadcast-blue a, .broadcast-red a {color:#DDEEFF;} .broadcast-green {background-color:#559955;color:white;padding:2px 4px;} .broadcast-blue {background-color:#6688AA;color:white;padding:2px 4px;} .infobox {border:1px solid #6688AA;padding:2px 4px;} .infobox-limited {overflow:auto;overflow-x:hidden;} .broadcast-red {background-color:#AA5544;color:white;padding:2px 4px;} .message-learn-canlearn {font-weight:bold;color:#228822;text-decoration:underline;} .message-learn-cannotlearn {font-weight:bold;color:#CC2222;text-decoration:underline;} .message-effect-weak {font-weight:bold;color:#CC2222;} .message-effect-resist {font-weight:bold;color:#6688AA;} .message-effect-immune {font-weight:bold;color:#666666;} .message-learn-list {margin-top:0;margin-bottom:0;} .message-throttle-notice, .message-error {color:#992222;} .message-overflow, .chat small.message-overflow {font-size:0pt;} .message-overflow::before {font-size:9pt;content:'...';} .subtle {color:#3A4A66;}
</style>
<div class="wrapper replay-wrapper">
<input type="hidden" name="replayid" value="gen8vgc2021-1208966583" />
<div class="battle"></div><div class="battle-log"></div><div class="replay-controls"></div><div class="replay-controls-2"></div>
<script type="text/plain" class="battle-log-data">|raw|<div class="broadcast-red"><strong>This battle is invite-only!<\/strong><br \/>Users must be invited with <code>\/invite<\/code> (or be staff) to join<\/div>
|j|☆Zordor
|j|☆RollAcosta

|t:|1603592560
|player|p1|Zordor|pilot|
|player|p2|RollAcosta|harlequin|
|teamsize|p1|6
|teamsize|p2|6
|gametype|doubles
|gen|8
|tier|[Gen 8] VGC 2021
|clearpoke
|poke|p1|Tapu Fini, L50|
|poke|p1|Metagross, L50|
|poke|p1|Venusaur, L50, F|
|poke|p1|Entei, L50|
|poke|p1|Raichu, L50, M|
|poke|p1|Moltres-Galar, L50|
|poke|p2|Amoonguss, L50, M|
|poke|p2|Arcanine, L50, F|
|poke|p2|Rotom-Wash, L50|
|poke|p2|Zapdos-Galar, L50|
|poke|p2|Tyranitar, L50, M|
|poke|p2|Excadrill, L50, F|
|rule|Species Clause: Limit one of each Pokémon
|rule|Item Clause: Limit one of each item
|teampreview|4
|c|☆RollAcosta|g1
|c|☆RollAcosta|\/log TourView was invited (and promoted to Room Voice) by RollAcosta.
|j|+TourView
|c|+TourView|1 sec
|c|+TourView|good to go!
|c|☆RollAcosta|glhf
|
|t:|1603592665
|start
|switch|p1a: Raichu|Raichu, L50, M|48\/48
|switch|p1b: Tapu Fini|Tapu Fini, L50|48\/48
|switch|p2a: Amoonguss|Amoonguss, L50, M|219\/219
|switch|p2b: Rotom|Rotom-Wash, L50|152\/152
|-fieldstart|move: Misty Terrain|[from] ability: Misty Surge|[of] p1b: Tapu Fini
|turn|1
|
|t:|1603592708
|move|p2a: Amoonguss|Rage Powder|p2a: Amoonguss
|-singleturn|p2a: Amoonguss|move: Rage Powder
|move|p1a: Raichu|Volt Switch|p2a: Amoonguss
|-resisted|p2a: Amoonguss
|-damage|p2a: Amoonguss|196\/219
|
|t:|1603592713
|switch|p1a: Metagross|Metagross, L50|48\/48|[from]move: Volt Switch
|move|p2b: Rotom|Nasty Plot|p2b: Rotom
|-boost|p2b: Rotom|spa|2
|move|p1b: Tapu Fini|Calm Mind|p1b: Tapu Fini
|-boost|p1b: Tapu Fini|spa|1
|-boost|p1b: Tapu Fini|spd|1
|
|upkeep
|turn|2
|
|t:|1603592743
|-start|p2b: Rotom|Dynamax
|-heal|p2b: Rotom|304\/304|[silent]
|-start|p1a: Metagross|Dynamax
|-heal|p1a: Metagross|48\/48|[silent]
|move|p2a: Amoonguss|Protect|p2a: Amoonguss
|-singleturn|p2a: Amoonguss|Protect
|move|p2b: Rotom|Max Geyser|p1a: Metagross
|-damage|p1a: Metagross|16\/48
|-weather|RainDance
|move|p1a: Metagross|Max Hailstorm|p2a: Amoonguss
|-supereffective|p2a: Amoonguss
|-zbroken|p2a: Amoonguss
|-damage|p2a: Amoonguss|153\/219
|-weather|Hail
|move|p1b: Tapu Fini|Calm Mind|p1b: Tapu Fini
|-boost|p1b: Tapu Fini|spa|1
|-boost|p1b: Tapu Fini|spd|1
|
|-weather|Hail|[upkeep]
|-damage|p2b: Rotom|295\/304|[from] Hail
|-damage|p1a: Metagross|14\/48|[from] Hail
|-damage|p1b: Tapu Fini|45\/48|[from] Hail
|-damage|p2a: Amoonguss|140\/219|[from] Hail
|-heal|p1b: Tapu Fini|48\/48|[from] item: Leftovers
|upkeep
|turn|3
|
|t:|1603592777
|switch|p2a: Arcanine|Arcanine, L50, F|196\/196
|-ability|p2a: Arcanine|Intimidate|boost
|-fail|p1a: Metagross|unboost|[from] ability: Clear Body|[of] p1a: Metagross
|-unboost|p1b: Tapu Fini|atk|1
|move|p1a: Metagross|Max Guard|p1a: Metagross
|-singleturn|p1a: Metagross|Max Guard
|move|p2b: Rotom|Max Lightning|p1b: Tapu Fini
|-supereffective|p1b: Tapu Fini
|-damage|p1b: Tapu Fini|6\/48
|-fieldstart|move: Electric Terrain
|move|p1b: Tapu Fini|Moonblast|p2b: Rotom
|-damage|p2b: Rotom|156\/304
|
|-weather|Hail|[upkeep]
|-damage|p2b: Rotom|147\/304|[from] Hail
|-damage|p1a: Metagross|13\/48|[from] Hail
|-damage|p1b: Tapu Fini|3\/48|[from] Hail
|-enditem|p2b: Rotom|Sitrus Berry|[eat]
|-heal|p2b: Rotom|185\/304|[from] item: Sitrus Berry
|-heal|p1b: Tapu Fini|6\/48|[from] item: Leftovers
|upkeep
|turn|4
|
|t:|1603592799
|move|p2a: Arcanine|Will-O-Wisp|p1a: Metagross
|-status|p1a: Metagross|brn
|move|p2b: Rotom|Max Geyser|p1b: Tapu Fini
|-resisted|p1b: Tapu Fini
|-damage|p1b: Tapu Fini|0 fnt
|-weather|RainDance
|faint|p1b: Tapu Fini
|move|p1a: Metagross|Max Quake|p2a: Arcanine
|-supereffective|p2a: Arcanine
|-damage|p2a: Arcanine|99\/196
|-boost|p1a: Metagross|spd|1
|
|-weather|RainDance|[upkeep]
|-damage|p1a: Metagross|11\/48 brn|[from] brn
|-end|p2b: Rotom|Dynamax
|-heal|p2b: Rotom|93\/152|[silent]
|-end|p1a: Metagross|Dynamax
|-heal|p1a: Metagross|11\/48 brn|[silent]
|upkeep
|
|t:|1603592812
|switch|p1b: Raichu|Raichu, L50, M|48\/48
|turn|5
|
|t:|1603592818
|switch|p2a: Amoonguss|Amoonguss, L50, M|213\/219
|move|p2b: Rotom|Protect|p2b: Rotom
|-singleturn|p2b: Rotom|Protect
|move|p1b: Raichu|Electroweb|p2a: Amoonguss|[spread] p2a
|-activate|p2b: Rotom|move: Protect
|-resisted|p2a: Amoonguss
|-damage|p2a: Amoonguss|196\/219
|-unboost|p2a: Amoonguss|spe|1
|move|p1a: Metagross|Stomping Tantrum|p2a: Amoonguss
|-damage|p2a: Amoonguss|171\/219
|
|-weather|RainDance|[upkeep]
|-damage|p1a: Metagross|8\/48 brn|[from] brn
|upkeep
|turn|6
|
|t:|1603592839
|move|p1b: Raichu|Electroweb|p2a: Amoonguss|[spread] p2a,p2b
|-resisted|p2a: Amoonguss
|-damage|p2a: Amoonguss|153\/219
|-damage|p2b: Rotom|57\/152
|-unboost|p2a: Amoonguss|spe|1
|-unboost|p2b: Rotom|spe|1
|move|p1a: Metagross|Ice Punch|p2a: Amoonguss
|-supereffective|p2a: Amoonguss
|-damage|p2a: Amoonguss|102\/219
|move|p2b: Rotom|Hydro Pump|p1b: Raichu|[miss]
|-miss|p2b: Rotom|p1b: Raichu
|move|p2a: Amoonguss|Sludge Bomb|p1b: Raichu
|-damage|p1b: Raichu|28\/48
|
|-weather|RainDance|[upkeep]
|-damage|p1a: Metagross|6\/48 brn|[from] brn
|upkeep
|turn|7
|
|t:|1603592875
|switch|p2a: Arcanine|Arcanine, L50, F|99\/196
|-ability|p2a: Arcanine|Intimidate|boost
|-fail|p1a: Metagross|unboost|[from] ability: Clear Body|[of] p1a: Metagross
|-unboost|p1b: Raichu|atk|1
|move|p1b: Raichu|Electroweb|p2a: Arcanine|[spread] p2a,p2b
|-damage|p2a: Arcanine|51\/196
|-damage|p2b: Rotom|20\/152
|-unboost|p2a: Arcanine|spe|1
|-unboost|p2b: Rotom|spe|1
|move|p1a: Metagross|Ice Punch|p2a: Arcanine
|-resisted|p2a: Arcanine
|-damage|p2a: Arcanine|38\/196
|move|p2b: Rotom|Hydro Pump|p1b: Raichu
|-damage|p1b: Raichu|0 fnt
|faint|p1b: Raichu
|
|-weather|RainDance|[upkeep]
|-damage|p1a: Metagross|3\/48 brn|[from] brn
|-fieldend|move: Electric Terrain
|upkeep
|
|t:|1603592885
|switch|p1b: Entei|Entei, L50, shiny|48\/48
|turn|8
|
|t:|1603592916
|move|p2b: Rotom|Protect|p2b: Rotom
|-singleturn|p2b: Rotom|Protect
|move|p1b: Entei|Extreme Speed|p2b: Rotom
|-activate|p2b: Rotom|move: Protect
|move|p1a: Metagross|Stomping Tantrum|p2a: Arcanine
|-supereffective|p2a: Arcanine
|-damage|p2a: Arcanine|0 fnt
|faint|p2a: Arcanine
|
|-weather|none
|-damage|p1a: Metagross|1\/48 brn|[from] brn
|upkeep
|
|t:|1603592926
|switch|p2a: Amoonguss|Amoonguss, L50, M|175\/219
|turn|9
|
|t:|1603592930
|move|p1b: Entei|Extreme Speed|p2b: Rotom
|-damage|p2b: Rotom|0 fnt
|faint|p2b: Rotom
|move|p2a: Amoonguss|Rage Powder|p2a: Amoonguss
|-singleturn|p2a: Amoonguss|move: Rage Powder
|move|p1a: Metagross|Ice Punch|p2a: Amoonguss
|-supereffective|p2a: Amoonguss
|-damage|p2a: Amoonguss|119\/219
|
|-damage|p1a: Metagross|0 fnt|[from] brn
|faint|p1a: Metagross
|upkeep
|
|t:|1603592934
|switch|p2b: Zapdos|Zapdos-Galar, L50|166\/166
|turn|10
|
|t:|1603592943
|move|p2b: Zapdos|Close Combat|p1b: Entei
|-damage|p1b: Entei|19\/48
|-unboost|p2b: Zapdos|def|1
|-unboost|p2b: Zapdos|spd|1
|move|p1b: Entei|Sacred Fire|p2b: Zapdos
|-damage|p2b: Zapdos|16\/166
|move|p2a: Amoonguss|Sludge Bomb|p1b: Entei
|-damage|p1b: Entei|9\/48
|
|upkeep
|turn|11
|
|t:|1603592957
|move|p1b: Entei|Extreme Speed|p2b: Zapdos
|-damage|p2b: Zapdos|0 fnt
|faint|p2b: Zapdos
|move|p2a: Amoonguss|Sludge Bomb|p1b: Entei
|-damage|p1b: Entei|0 fnt
|faint|p1b: Entei
|
|win|RollAcosta</script>
</div>
</div>
<script>
document.write('<script src="showdown_replay.js"></'+'script>');
</script>
